<record><leader>00000cas a22000007a 4500</leader><controlfield tag="001">21191451</controlfield><controlfield tag="008">900309c19889999mduwr ne      0   a0eng c</controlfield><datafield ind1=" " ind2=" " tag="010"><subfield code="a">sn 90057050 </subfield></datafield><datafield ind1=" " ind2=" " tag="040"><subfield code="a">MFN</subfield><subfield code="b">eng</subfield><subfield code="c">MFN</subfield><subfield code="d">NSD</subfield><subfield code="d">OCLCQ</subfield></datafield><datafield ind1=" " ind2=" " tag="012"><subfield code="m">1</subfield></datafield><datafield ind1="1" ind2=" " tag="022"><subfield code="a">1053-2226</subfield><subfield code="l">1053-2226</subfield><subfield code="2">1</subfield></datafield><datafield ind1=" " ind2=" " tag="032"><subfield code="a">005621</subfield><subfield code="b">USPS</subfield></datafield><datafield ind1=" " ind2=" " tag="037"><subfield code="b">The Prince George's Post, 7221 E. Ridge Dr., Landover, MD 20785</subfield></datafield><datafield ind1=" " ind2=" " tag="042"><subfield code="a">nsdp</subfield><subfield code="a">pcc</subfield></datafield><datafield ind1=" " ind2="4" tag="050"><subfield code="a">AN41.68</subfield><subfield code="b">.P613</subfield></datafield><datafield ind1="0" ind2=" " tag="130"><subfield code="a">Prince George's post (Hyattsville, Md. : 1988)</subfield></datafield><datafield ind1=" " ind2="4" tag="222"><subfield code="a">The Prince George's post</subfield><subfield code="b">(1988)</subfield></datafield><datafield ind1="1" ind2="4" tag="245"><subfield code="a">The Prince George's post.</subfield></datafield><datafield ind1=" " ind2=" " tag="260"><subfield code="a">Hyattsville, Md. :</subfield><subfield code="b">New Prince George's Post, Inc.</subfield></datafield><datafield ind1=" " ind2=" " tag="300"><subfield code="a">v.</subfield></datafield><datafield ind1=" " ind2=" " tag="310"><subfield code="a">Weekly</subfield></datafield><datafield ind1="1" ind2=" " tag="362"><subfield code="a">Began with Sept. 22, 1988 issue?</subfield></datafield><datafield ind1=" " ind2=" " tag="500"><subfield code="a">Published in: Landover, Md., &lt;Sept. 13, 1990-&gt;</subfield></datafield><datafield ind1=" " ind2=" " tag="588"><subfield code="a">Description based on: Vol. 56, no. 33 (Sept. 29, 1988).</subfield></datafield><datafield ind1=" " ind2=" " tag="588"><subfield code="a">Latest issue consulted: Vol. 58, no. 33 (Sept. 20, 1990).</subfield></datafield><datafield ind1=" " ind2=" " tag="752"><subfield code="a">United States</subfield><subfield code="b">Maryland</subfield><subfield code="c">Prince George's</subfield><subfield code="d">Hyattsville.</subfield></datafield><datafield ind1=" " ind2=" " tag="752"><subfield code="a">United States</subfield><subfield code="b">Maryland</subfield><subfield code="c">Prince George's</subfield><subfield code="d">Landover.</subfield></datafield><datafield ind1="0" ind2="1" tag="780"><subfield code="t">Prince George's post-sentinel</subfield><subfield code="x">8750-9830</subfield><subfield code="w">(DLC)sn 85009691</subfield></datafield></record>